% Encoding: UTF-8

@Misc{IEEE:LLDP:2016,
  title   = {{IEEE Standard for Local and metropolitan area networks - Station and Media Access Control Connectivity Discovery}},
  year    = {2016},
  doi     = {10.1109/IEEESTD.2016.7433915},
  journal = {IEEE Std 802.1AB-2016 (Revision of IEEE Std 802.1AB-2009)},
  pages   = {1-146},
}

@Misc{RFC:RFC3629:2003,
  author       = {François Yergeau},
  howpublished = {RFC 3629},
  month        = nov,
  title        = {{UTF-8, a transformation format of ISO 10646}},
  year         = {2003},
  abstract     = {ISO/IEC 10646-1 defines a large character set called the Universal Character Set (UCS) which encompasses most of the world's writing systems. The originally proposed encodings of the UCS, however, were not compatible with many current applications and protocols, and this has led to the development of UTF-8, the object of this memo. UTF-8 has the characteristic of preserving the full US-ASCII range, providing compatibility with file systems, parsers and other software that rely on US-ASCII values but are transparent to other values. This memo obsoletes and replaces RFC 2279.},
  doi          = {10.17487/RFC3629},
  number       = {3629},
  pagetotal    = {14},
  publisher    = {RFC Editor},
  series       = {Request for Comments},
  url          = {https://rfc-editor.org/rfc/rfc3629.txt},
}

@Misc{RFC:RFC2863:2000,
  author       = {Keith McCloghrie and Frank Kastenholz},
  howpublished = {RFC 2863},
  month        = jun,
  title        = {{The Interfaces Group MIB}},
  year         = {2000},
  abstract     = {This memo discusses the 'interfaces' group of MIB-II, especially the experience gained from the definition of numerous media-specific MIB modules for use in conjunction with the 'interfaces' group for managing various sub-layers beneath the internetwork-layer. It specifies clarifications to, and extensions of, the architectural issues within the MIB-II model of the 'interfaces' group. {[}STANDARDS-TRACK{]}},
  doi          = {10.17487/RFC2863},
  number       = {2863},
  pagetotal    = {69},
  publisher    = {RFC Editor},
  series       = {Request for Comments},
  url          = {https://rfc-editor.org/rfc/rfc2863.txt},
}

@Misc{RFC:RFC3418:2002,
  author       = {Randy Presuhn},
  howpublished = {RFC 3418},
  month        = dec,
  title        = {{Management Information Base (MIB) for the Simple Network Management Protocol (SNMP)}},
  year         = {2002},
  abstract     = {This document defines managed objects which describe the behavior of a Simple Network Management Protocol (SNMP) entity. This document obsoletes RFC 1907, Management Information Base for Version 2 of the Simple Network Management Protocol (SNMPv2). {[}STANDARDS-TRACK{]}},
  doi          = {10.17487/RFC3418},
  number       = {3418},
  pagetotal    = {26},
  publisher    = {RFC Editor},
  series       = {Request for Comments},
  url          = {https://rfc-editor.org/rfc/rfc3418.txt},
}
% Datatracker information for RFCs on the Legacy Stream is unfortunately often
% incorrect. Please correct the bibtex below based on the information in the
% actual RFC at https://rfc-editor.org/rfc/rfc3232.txt

@Misc{RFC:RFC3232:2002,
  author       = {RFC Editor},
  howpublished = {RFC 3232},
  month        = jan,
  title        = {{Assigned Numbers: RFC 1700 is Replaced by an On-line Database}},
  year         = {2002},
  abstract     = {This memo obsoletes RFC 1700 (STD 2) "Assigned Numbers", which contained an October 1994 snapshot of assigned Internet protocol parameters. This memo provides information for the Internet community.},
  doi          = {10.17487/RFC3232},
  number       = {3232},
  pagetotal    = {3},
  publisher    = {RFC Editor},
  series       = {Request for Comments},
  url          = {https://rfc-editor.org/rfc/rfc3232.txt},
}

@Misc{ISO:ISO8824-1:2015,
  month = nov,
  title = {{ISO/IEC 8824-1:2015, Information technology — Abstract Syntax Notation One (ASN.1): Specification of basic notation}},
  year  = {2015},
}
% Datatracker information for RFCs on the Legacy Stream is unfortunately often
% incorrect. Please correct the bibtex below based on the information in the
% actual RFC at https://rfc-editor.org/rfc/rfc1155.txt

@Misc{RFC:RFC1155:1990,
  author       = {Dr. Marshall T. Rose and Keith McCloghrie},
  howpublished = {RFC 1155},
  month        = may,
  title        = {{Structure and identification of management information for TCP/IP-based internets}},
  year         = {1990},
  abstract     = {This RFC is a re-release of RFC 1065, with a changed "Status of this Memo", plus a few minor typographical corrections. The technical content of the document is unchanged from RFC 1065. {[}STANDARDS-TRACK{]}},
  doi          = {10.17487/RFC1155},
  number       = {1155},
  pagetotal    = {22},
  publisher    = {RFC Editor},
  series       = {Request for Comments},
  url          = {https://rfc-editor.org/rfc/rfc1155.txt},
}
% Datatracker information for RFCs on the Legacy Stream is unfortunately often
% incorrect. Please correct the bibtex below based on the information in the
% actual RFC at https://rfc-editor.org/rfc/rfc1157.txt

@Misc{RFC:RFC1157:1990,
  author       = {Mark Fedor and Martin Lee Schoffstall and James R. Davin and Dr. Jeff D. Case},
  howpublished = {RFC 1157},
  month        = may,
  title        = {{Simple Network Management Protocol (SNMP)}},
  year         = {1990},
  abstract     = {This RFC is a re-release of RFC 1098, with a changed "Status of this Memo" section plus a few minor typographical corrections. This memo defines a simple protocol by which management information for a network element may be inspected or altered by logically remote users. {[}STANDARDS-TRACK{]}},
  doi          = {10.17487/RFC1157},
  number       = {1157},
  pagetotal    = {36},
  publisher    = {RFC Editor},
  series       = {Request for Comments},
  url          = {https://rfc-editor.org/rfc/rfc1157.txt},
}

@Misc{Mueller:MIBTree:2006,
  author       = {Stefan Müller},
  howpublished = {Website},
  month        = jun,
  title        = {{SNMP MIB-Tree}},
  year         = {2006},
  timestamp    = {2021-06-04},
  url          = {https://commons.wikimedia.org/wiki/File:SNMP.MIB-Tree.PNG},
}
% Datatracker information for RFCs on the Legacy Stream is unfortunately often
% incorrect. Please correct the bibtex below based on the information in the
% actual RFC at https://rfc-editor.org/rfc/rfc1156.txt

@Misc{RFC:RFC1156:1990,
  author       = {Dr. Marshall T. Rose and Keith McCloghrie},
  howpublished = {RFC 1156},
  month        = may,
  title        = {{Management Information Base for network management of TCP/IP-based internets}},
  year         = {1990},
  abstract     = {This RFC is a re-release of RFC 1066, with a changed "Status of this Memo", "IAB Policy Statement", and "Introduction" sections plus a few minor typographical corrections. The technical content of the document is unchanged from RFC 1066. {[}STANDARDS-TRACK{]}},
  doi          = {10.17487/RFC1156},
  number       = {1156},
  pagetotal    = {91},
  publisher    = {RFC Editor},
  series       = {Request for Comments},
  url          = {https://rfc-editor.org/rfc/rfc1156.txt},
}

@Misc{RFC:RFC1213:1991,
  author       = {Dr. Marshall T. Rose and Keith McCloghrie},
  howpublished = {RFC 1213},
  month        = mar,
  title        = {{Management Information Base for Network Management of TCP/IP-based internets: MIB-II}},
  year         = {1991},
  abstract     = {This memo defines the second version of the Management Information Base (MIB-II) for use with network management protocols in TCP/IP-based internets. {[}STANDARDS-TRACK{]}},
  doi          = {10.17487/RFC1213},
  number       = {1213},
  pagetotal    = {70},
  publisher    = {RFC Editor},
  series       = {Request for Comments},
  url          = {https://rfc-editor.org/rfc/rfc1213.txt},
}

@Misc{RFC:RFC3411:2002,
  author       = {David Harrington and Bert Wijnen and Randy Presuhn},
  howpublished = {RFC 3411},
  month        = dec,
  title        = {{An Architecture for Describing Simple Network Management Protocol (SNMP) Management Frameworks}},
  year         = {2002},
  abstract     = {This document describes an architecture for describing Simple Network Management Protocol (SNMP) Management Frameworks. The architecture is designed to be modular to allow the evolution of the SNMP protocol standards over time. The major portions of the architecture are an SNMP engine containing a Message Processing Subsystem, a Security Subsystem and an Access Control Subsystem, and possibly multiple SNMP applications which provide specific functional processing of management data. This document obsoletes RFC 2571. {[}STANDARDS-TRACK{]}},
  doi          = {10.17487/RFC3411},
  number       = {3411},
  pagetotal    = {64},
  publisher    = {RFC Editor},
  series       = {Request for Comments},
  url          = {https://rfc-editor.org/rfc/rfc3411.txt},
}

@Misc{RFC:RFC3416:2002,
  author       = {Randy Presuhn},
  howpublished = {RFC 3416},
  month        = dec,
  title        = {{Version 2 of the Protocol Operations for the Simple Network Management Protocol (SNMP)}},
  year         = {2002},
  abstract     = {This document defines version 2 of the protocol operations for the Simple Network Management Protocol (SNMP). It defines the syntax and elements of procedure for sending, receiving, and processing SNMP PDUs. This document obsoletes RFC 1905. {[}STANDARDS-TRACK{]}},
  doi          = {10.17487/RFC3416},
  number       = {3416},
  pagetotal    = {31},
  publisher    = {RFC Editor},
  series       = {Request for Comments},
  url          = {https://rfc-editor.org/rfc/rfc3416.txt},
}
% Datatracker information for RFCs on the Legacy Stream is unfortunately often
% incorrect. Please correct the bibtex below based on the information in the
% actual RFC at https://rfc-editor.org/rfc/rfc3147.txt

@Misc{RFC:RFC3147:2002,
  author       = {Philip Christian},
  howpublished = {RFC 3147},
  month        = jul,
  title        = {{Generic Routing Encapsulation over CLNS Networks}},
  year         = {2001},
  abstract     = {This document proposes a method for transporting an arbitrary protocol over a CLNS (Connectionless Network Service) network using GRE (Generic Routing Encapsulation). This may then be used as a method to tunnel IPv4 or IPv6 over CLNS. This memo provides information for the Internet community.},
  doi          = {10.17487/RFC3147},
  number       = {3147},
  pagetotal    = {8},
  publisher    = {RFC Editor},
  series       = {Request for Comments},
  url          = {https://rfc-editor.org/rfc/rfc3147.txt},
}
% Datatracker information for RFCs on the Legacy Stream is unfortunately often
% incorrect. Please correct the bibtex below based on the information in the
% actual RFC at https://rfc-editor.org/rfc/rfc3419.txt

@Misc{RFC:RFC3419:2002,
  author       = {Mike Daniele and Jürgen Schönwälder},
  howpublished = {RFC 3419},
  month        = dec,
  title        = {{Textual Conventions for Transport Addresses}},
  year         = {2002},
  abstract     = {This document introduces a Management Information Base (MIB) module that defines textual conventions to represent commonly used transport-layer addressing information. The definitions are compatible with the concept of TAddress/TDomain pairs introduced by the Structure of Management Information version 2 (SMIv2) and support the Internet transport protocols over IPv4 and IPv6. {[}STANDARDS-TRACK{]}},
  doi          = {10.17487/RFC3419},
  number       = {3419},
  pagetotal    = {18},
  publisher    = {RFC Editor},
  series       = {Request for Comments},
  url          = {https://rfc-editor.org/rfc/rfc3419.txt},
}

@Misc{RFC:RFC4789:2006,
  author       = {Jürgen Schönwälder and Tony Jeffree},
  howpublished = {RFC 4789},
  month        = nov,
  title        = {{Simple Network Management Protocol (SNMP) over IEEE 802 Networks}},
  year         = {2006},
  abstract     = {This document specifies how Simple Network Management Protocol (SNMP) messages can be transmitted directly over IEEE 802 networks. This document obsoletes RFC 1089. {[}STANDARDS-TRACK{]}},
  doi          = {10.17487/RFC4789},
  number       = {4789},
  pagetotal    = {9},
  publisher    = {RFC Editor},
  series       = {Request for Comments},
  url          = {https://rfc-editor.org/rfc/rfc4789.txt},
}

@Misc{RFC:RFC2576:2000,
  author       = {Rob Frye and Bert Wijnen and David B. Levi and Shawn A. Routhier},
  howpublished = {RFC 2576},
  month        = mar,
  title        = {{Coexistence between Version 1, Version 2, and Version 3 of the Internet-standard Network Management Framework}},
  year         = {2000},
  abstract     = {The purpose of this document is to describe coexistence between version 3 of the Internet-standard Network Management Framework, (SNMPv3), version 2 of the Internet-standard Network Management Framework (SNMPv2), and the original Internet-standard Network Management Framework (SNMPv1). {[}STANDARDS-TRACK{]}},
  doi          = {10.17487/RFC2576},
  number       = {2576},
  pagetotal    = {44},
  publisher    = {RFC Editor},
  series       = {Request for Comments},
  url          = {https://rfc-editor.org/rfc/rfc2576.txt},
}

@Misc{RFC:RFC5590:2009,
  author       = {Jürgen Schönwälder and David Harrington},
  howpublished = {RFC 5590},
  month        = jun,
  title        = {{Transport Subsystem for the Simple Network Management Protocol (SNMP)}},
  year         = {2009},
  abstract     = {This document defines a Transport Subsystem, extending the Simple Network Management Protocol (SNMP) architecture defined in RFC 3411. This document defines a subsystem to contain Transport Models that is comparable to other subsystems in the RFC 3411 architecture. As work is being done to expand the transports to include secure transports, such as the Secure Shell (SSH) Protocol and Transport Layer Security (TLS), using a subsystem will enable consistent design and modularity of such Transport Models. This document identifies and describes some key aspects that need to be considered for any Transport Model for SNMP. {[}STANDARDS-TRACK{]}},
  doi          = {10.17487/RFC5590},
  number       = {5590},
  pagetotal    = {34},
  publisher    = {RFC Editor},
  series       = {Request for Comments},
  url          = {https://rfc-editor.org/rfc/rfc5590.txt},
}

@Misc{RFC:RFC4741:2006,
  author       = {Rob Enns},
  howpublished = {RFC 4741},
  month        = dec,
  title        = {{NETCONF Configuration Protocol}},
  year         = {2006},
  abstract     = {The Network Configuration Protocol (NETCONF) defined in this document provides mechanisms to install, manipulate, and delete the configuration of network devices. It uses an Extensible Markup Language (XML)-based data encoding for the configuration data as well as the protocol messages. The NETCONF protocol operations are realized on top of a simple Remote Procedure Call (RPC) layer. {[}STANDARDS-TRACK{]}},
  doi          = {10.17487/RFC4741},
  number       = {4741},
  pagetotal    = {95},
  publisher    = {RFC Editor},
  series       = {Request for Comments},
  url          = {https://rfc-editor.org/rfc/rfc4741.txt},
}

@Misc{RFC:RFC6241:2011,
  author       = {Rob Enns and Martin Björklund and Andy Bierman and Jürgen Schönwälder},
  howpublished = {RFC 6241},
  month        = jun,
  title        = {{Network Configuration Protocol (NETCONF)}},
  year         = {2011},
  abstract     = {The Network Configuration Protocol (NETCONF) defined in this document provides mechanisms to install, manipulate, and delete the configuration of network devices. It uses an Extensible Markup Language (XML)-based data encoding for the configuration data as well as the protocol messages. The NETCONF protocol operations are realized as remote procedure calls (RPCs). This document obsoletes RFC 4741. {[}STANDARDS-TRACK{]}},
  doi          = {10.17487/RFC6241},
  number       = {6241},
  pagetotal    = {113},
  publisher    = {RFC Editor},
  series       = {Request for Comments},
  url          = {https://rfc-editor.org/rfc/rfc6241.txt},
}

@Misc{RFC:RFC6020:2010,
  author       = {Martin Bj{\"o}rklund},
  howpublished = {RFC 6020},
  month        = oct,
  title        = {{YANG - A Data Modeling Language for the Network Configuration Protocol (NETCONF)}},
  year         = {2010},
  abstract     = {YANG is a data modeling language used to model configuration and state data manipulated by the Network Configuration Protocol (NETCONF), NETCONF remote procedure calls, and NETCONF notifications. {[}STANDARDS-TRACK{]}},
  doi          = {10.17487/RFC6020},
  number       = {6020},
  pagetotal    = {173},
  publisher    = {RFC Editor},
  series       = {Request for Comments},
  url          = {https://rfc-editor.org/rfc/rfc6020.txt},
}

@Misc{RFC:RFC6242:2011,
  author       = {Margaret Cullen},
  howpublished = {RFC 6242},
  month        = jun,
  title        = {{Using the NETCONF Protocol over Secure Shell (SSH)}},
  year         = {2011},
  abstract     = {This document describes a method for invoking and running the Network Configuration Protocol (NETCONF) within a Secure Shell (SSH) session as an SSH subsystem. This document obsoletes RFC 4742. {[}STANDARDS-TRACK{]}},
  doi          = {10.17487/RFC6242},
  number       = {6242},
  pagetotal    = {11},
  publisher    = {RFC Editor},
  series       = {Request for Comments},
  url          = {https://rfc-editor.org/rfc/rfc6242.txt},
}

@Misc{RFC:RFC4861:2007,
  author       = {William A. Simpson and Dr. Thomas Narten and Erik Nordmark and Hesham Soliman},
  howpublished = {RFC 4861},
  month        = sep,
  title        = {{Neighbor Discovery for IP version 6 (IPv6)}},
  year         = {2007},
  abstract     = {This document specifies the Neighbor Discovery protocol for IP Version 6. IPv6 nodes on the same link use Neighbor Discovery to discover each other's presence, to determine each other's link-layer addresses, to find routers, and to maintain reachability information about the paths to active neighbors. {[}STANDARDS-TRACK{]}},
  doi          = {10.17487/RFC4861},
  number       = {4861},
  pagetotal    = {97},
  publisher    = {RFC Editor},
  series       = {Request for Comments},
  url          = {https://rfc-editor.org/rfc/rfc4861.txt},
}

@Misc{MAN:LLDPD8:2021,
  author    = {Pierre-Yves Ritschard and Vincent Bernat},
  month     = nov,
  title     = {{LLDPD(8): lldpd - LLDP daemon}},
  year      = {2021},
  timestamp = {2021-11-04},
  url       = {https://manpages.debian.org/bullseye/lldpd/lldpd.8.en.html},
}

@Misc{MAN:LLDPCLI8:2021,
  author    = {Vincent Berna},
  month     = nov,
  title     = {{LLDPCLI(8): lldpcli, lldpctl - control LLDP daemon}},
  year      = {2021},
  timestamp = {2021-11-04},
  url       = {https://manpages.debian.org/bullseye/lldpd/lldpcli.8.en.html},
}

@Misc{MAN:SNMPD.CONF5:2021,
  month     = nov,
  title     = {{SNMPD.CONF(5): snmpd.conf - configuration file for the Net-SNMP SNMP agent}},
  year      = {2021},
  timestamp = {2021-11-04},
  url       = {https://manpages.debian.org/bullseye/snmpd/snmpd.conf.5.en.html},
}

@InProceedings{IEEE:IND4:2019,
  author    = {Maki K. Habib and Chukwuemeka Chimsom},
  booktitle = {{2019 20th International Conference on Research and Education in Mechatronics (REM)}},
  title     = {{Industry 4.0: Sustainability and Design Principles}},
  year      = {2019},
  month     = {may},
  publisher = {{IEEE}},
  doi       = {10.1109/rem.2019.8744120},
}

@Comment{jabref-meta: databaseType:bibtex;}
